@misc{slp,
    author    = " Oscar N\'u\~nez, Jes\'us Ur\'ias ",
    title     = "Un controlador de potencia para corriente alterna",
    url       = "https://rmf.smf.mx/pdf/rmf/34/1/34_1_74.pdf"
}

@misc{littelfuse,
    author    = " ",
    title     = "Phase Control Using Thyristors (Littelfuse Application Note AN1003)",
    url       = "http://www.learnabout-electronics.org/Downloads/Littelfuse_App_Note_AN1003.pdf.pdf"
}

@misc{st,
    author    = " ",
    title     = "Universal motor speed control and light dimmer with TRIAC and ST7LITE microcontroller (Application note AN2263)",
    url       = "http://www.mouser.com/catalog/specsheets/stevalill004v1.pdf"
}

@misc{fairchild,
    author    = "2002 Fairchild Semiconductor Corporation ",
    title     = "Optically Isolated Phase Controlling Circuit Solution (Application Note AN-3006)",
    url       = "http://www.mouser.com/catalog/specsheets/stevalill004v1.pdf"
}

@techreport{ improved-fairchild,
    author = " ",
    title = " Optically Isolated Phase Controlling Circuit Solution ",
    institution = " Fairchild Semiconductor Corporation ",
    url       = "http://www.mouser.com/catalog/specsheets/stevalill004v1.pdf"
}

@techreport{ texas-calculations,
    url       = "http://www.ti.com/lit/an/slaa148a/slaa148a.pdf"
}